@article{schweizer2013comparative,
  title={Comparative evaluation of advanced three-phase three-level inverter/converter topologies against two-level systems},
  author={Schweizer, Mario and Friedli, Thomas and Kolar, Johann W},
  journal={IEEE Transactions on industrial electronics},
  volume={60},
  number={12},
  pages={5515--5527},
  year={2013},
  publisher={IEEE}
}

@article{何祚镛2007近场声全息技术应用有关物理问题研究,
  title={近场声全息技术应用有关物理问题研究},
  author={何祚镛 and 何元安 and 王曼},
  journal={声学学报},
  volume={32},
  number={2},
  pages={137--143},
  year={2007},
  publisher={《 声学学报》 编辑部}
}

@article{hald2009basic,
  title={Basic theory and properties of statistically optimized near-field acoustical holography},
  author={Hald, J{\o}rgen},
  journal={The Journal of the Acoustical Society of America},
  volume={125},
  number={4},
  pages={2105--2120},
  year={2009},
  publisher={AIP Publishing}
}

@article{张诗科2016复杂声场环境下目标声源声场重建误差分析,
  title={复杂声场环境下目标声源声场重建误差分析},
  author={张诗科 and 朱海潮 and 谢志敏 and 毛荣富},
  journal={噪声与振动控制},
  volume={36},
  number={5},
  pages={21--25},
  year={2016}
}

@article{shen2024designing,
  title={Designing a sparse sensor array for sound field reconstruction using compressive-equivalent source method},
  author={Shen, Yang and Bi, Chuan-Xing and Zhang, Xiao-Zheng and Zhang, Yong-Bin and Zhou, Rong},
  journal={The Journal of the Acoustical Society of America},
  volume={156},
  number={2},
  pages={800--811},
  year={2024},
  publisher={AIP Publishing}
}

@inproceedings{hahn2015physical,
  title={Physical properties of modal beamforming in the context of data-based sound reproduction},
  author={Hahn, Nara and Spors, Sascha},
  booktitle={Audio Engineering Society Convention 139},
  year={2015},
  organization={Audio Engineering Society}
}

@article{payton1960transient,
  title={Transient interaction of an acoustic wave with a circular cylindrical elastic shell},
  author={Payton, Robert Gilbert},
  journal={The Journal of the Acoustical Society of America},
  volume={32},
  number={6},
  pages={722--729},
  year={1960},
  publisher={Acoustical Society of America}
}

@article{breitenbach1983resonant,
  title={Resonant acoustic scattering from elastic cylindrical shells},
  author={Breitenbach, Edward D and {\"U}berall, Herbert and Yoo, Kwang-Bock},
  journal={The Journal of the Acoustical Society of America},
  volume={74},
  number={4},
  pages={1267--1273},
  year={1983},
  publisher={Acoustical Society of America}
}

@article{faran1951sound,
  title={Sound scattering by solid cylinders and spheres},
  author={Faran Jr, James J},
  journal={The Journal of the acoustical society of America},
  volume={23},
  number={4},
  pages={405--418},
  year={1951},
  publisher={Acoustical Society of America}
}

@article{bao1999circumferential,
  title={Circumferential waves on an immersed, fluid-filled elastic cylindrical shell},
  author={Bao, XL and Raju, PK and {\"U}berall, H},
  journal={The Journal of the Acoustical Society of America},
  volume={105},
  number={5},
  pages={2704--2709},
  year={1999},
  publisher={Acoustical Society of America}
}

@article{leon1992scattering,
  title={Scattering of an obliquely incident acoustic wave by an infinite hollow cylindrical shell},
  author={Leon, Fernand and Lecroq, Florence and D{\'e}cultot, Dominique and Maze, G{\'e}rard},
  journal={The Journal of the Acoustical Society of America},
  volume={91},
  number={3},
  pages={1388--1397},
  year={1992},
  publisher={Acoustical Society of America}
}

@article{moser1993sound,
  title={Sound scattering from a finite cylinder with ribs},
  author={Moser, Philip J and {\"U}berall, Herbert and Yuan, Jian-Ren},
  journal={The Journal of the Acoustical Society of America},
  volume={94},
  number={6},
  pages={3342--3351},
  year={1993},
  publisher={Acoustical Society of America}
}

@article{skelton1995acoustic,
  title={Acoustic scattering by a rigid disk or annulus clamped to two concentric cylindrical elastic shells},
  author={Skelton, EA},
  journal={Journal of Sound and vibration},
  volume={181},
  number={4},
  pages={635--655},
  year={1995},
  publisher={Elsevier}
}

@article{rumerman1992application,
  title={Application of the Sommerfeld--Watson transformation to scattering of acoustic waves obliquely incident upon cylindrical shells},
  author={Rumerman, ML},
  journal={The Journal of the Acoustical Society of America},
  volume={91},
  number={5},
  pages={2502--2509},
  year={1992},
  publisher={Acoustical Society of America}
}

@article{郑国垠2010充水有限长圆柱薄壳声散射,
  title={充水有限长圆柱薄壳声散射: Ⅱ. 实验},
  author={郑国垠 and 范军 and 汤渭霖},
  journal={声学学报},
  volume={35},
  number={1},
  pages={31--37},
  year={2010},
  publisher={《 声学学报》 编辑部}
}

@article{herzenberg1964resonance,
  title={Resonance scattering theory},
  author={Herzenberg, A and Kwok, KL and Mandl, F},
  journal={Proceedings of the Physical Society},
  volume={84},
  number={4},
  pages={477},
  year={1964},
  publisher={IOP Publishing}
}

@article{uginvcius1968creeping,
  title={Creeping-Wave Analysis of Acoustic Scattering by Elastic Cylindrical Shells},
  author={Ugin{\v{c}}ius, Peter and {\"U}berall, H},
  journal={The Journal of the Acoustical Society of America},
  volume={43},
  number={5},
  pages={1025--1035},
  year={1968},
  publisher={AIP Publishing}
}

@article{williams1985backscattering,
  title={Backscattering from an elastic sphere: Sommerfeld--Watson transformation and experimental confirmation},
  author={Williams, Kevin L and Marston, Philip L},
  journal={The Journal of the Acoustical Society of America},
  volume={78},
  number={3},
  pages={1093--1102},
  year={1985},
  publisher={Acoustical Society of America}
}

@article{kargl1989observations,
  title={Observations and modeling of the backscattering of short tone bursts from a spherical shell: Lamb wave echoes, glory, and axial reverberations},
  author={Kargl, Steven G and Marston, Philip L},
  journal={The Journal of the Acoustical Society of America},
  volume={85},
  number={3},
  pages={1014--1028},
  year={1989},
  publisher={Acoustical Society of America}
}

@incollection{flax1981theory,
  title={Theory of resonance scattering},
  author={Flax, Lawrence and Gaunaurd, Guillermo C and {\"U}Berall, Herbert},
  booktitle={Physical acoustics},
  volume={15},
  pages={191--294},
  year={1981},
  publisher={Elsevier}
}

@article{baum2005singularity,
  title={The singularity expansion method},
  author={Baum, Carl E},
  journal={Transient electromagnetic fields},
  pages={129--179},
  year={2005},
  publisher={Springer}
}

@article{汤渭霖1991奇异点展开法,
  title={奇异点展开法 (SEM) 与共振散射理论 (RST) 之间的联系},
  author={汤渭霖},
  journal={声学学报},
  volume={16},
  number={3},
  pages={199--208},
  year={1991},
  publisher={《 声学学报》 编辑部}
}

@article{kobayashi1999convergence,
  title={Convergence condition of adaptive algorithm of nonlinear adaptive digital filter},
  author={Kobayashi, Masaki and Itoh, Yoshio and Okello, James},
  journal={IEEE Transactions on Circuits and Systems II: Analog and Digital Signal Processing},
  volume={46},
  number={8},
  pages={1089--1094},
  year={1999},
  publisher={IEEE}
}

@article{morgan1995delayless,
  title={A delayless subband adaptive filter architecture},
  author={Morgan, Dennis R and Thi, James C},
  journal={IEEE transactions on signal processing},
  volume={43},
  number={8},
  pages={1819--1830},
  year={1995},
  publisher={Ieee}
}

@article{liu2001novel,
  title={A novel adaptation scheme in the NLMS algorithm for echo cancellation},
  author={Liu, Jianfeng},
  journal={IEEE signal processing letters},
  volume={8},
  number={1},
  pages={20--22},
  year={2001},
  publisher={IEEE}
}

@article{kwong1992variable,
  title={A variable step size LMS algorithm},
  author={Kwong, Raymond H and Johnston, Edward W},
  journal={IEEE Transactions on signal processing},
  volume={40},
  number={7},
  pages={1633--1642},
  year={1992},
  publisher={IEEE}
}

@inproceedings{zhang2007new,
  title={A new variable step-size LMS algorithm with robustness to nonstationary noise},
  author={Zhang, Yonggang and Chambers, Jonathon A and Wang, Wenwu and Kendrick, Paul and Cox, Trevor J},
  booktitle={2007 IEEE International Conference on Acoustics, Speech and Signal Processing-ICASSP'07},
  volume={3},
  pages={III--1349},
  year={2007},
  organization={IEEE}
}

@article{maynard1985nearfield,
  title={Nearfield acoustic holography: I. Theory of generalized holography and the development of NAH},
  author={Maynard, Julian D and Williams, Earl G and Lee, Y},
  journal={The Journal of the Acoustical Society of America},
  volume={78},
  number={4},
  pages={1395--1413},
  year={1985},
  publisher={Acoustical Society of America}
}

@article{raissi2019physics,
  title={Physics-informed neural networks: A deep learning framework for solving forward and inverse problems involving nonlinear partial differential equations},
  author={Raissi, Maziar and Perdikaris, Paris and Karniadakis, George E},
  journal={Journal of Computational physics},
  volume={378},
  pages={686--707},
  year={2019},
  publisher={Elsevier}
}

@article{raissi2017inferring,
  title={Inferring solutions of differential equations using noisy multi-fidelity data},
  author={Raissi, Maziar and Perdikaris, Paris and Karniadakis, George Em},
  journal={Journal of Computational Physics},
  volume={335},
  pages={736--746},
  year={2017},
  publisher={Elsevier}
}

@article{caviedes2021gaussian,
  title={Gaussian processes for sound field reconstruction},
  author={Caviedes-Nozal, Diego and Riis, Nicolai AB and Heuchel, Franz M and Brunskog, Jonas and Gerstoft, Peter and Fernandez-Grande, Efren},
  journal={The Journal of the Acoustical Society of America},
  volume={149},
  number={2},
  pages={1107--1119},
  year={2021},
  publisher={AIP Publishing}
}

@article{潘安2013准周期加隔板有限长圆柱壳声散射,
  title={准周期加隔板有限长圆柱壳声散射},
  author={潘安 and 范军 and 卓琳凯},
  journal={物理学报},
  volume={2},
  year={2013}
}

@inproceedings{ito2019feedforward,
  title={Feedforward spatial active noise control based on kernel interpolation of sound field},
  author={Ito, Hayato and Koyama, Shoichi and Ueno, Natsuki and Saruwatari, Hiroshi},
  booktitle={ICASSP 2019-2019 IEEE International Conference on Acoustics, Speech and Signal Processing (ICASSP)},
  pages={511--515},
  year={2019},
  organization={IEEE}
}

@inproceedings{heuchel2018sound,
  title={Sound field control for reduction of noise from outdoor concerts},
  author={Heuchel, Franz and Caviedes Nozal, Diego and Agerkvist, Finn T},
  booktitle={Audio Engineering Society Convention 145},
  year={2018},
  organization={Audio Engineering Society}
}

@article{caviedes2019bayesian,
  title={A Bayesian spherical harmonics source radiation model for sound field control},
  author={Caviedes-Nozal, Diego and Heuchel, Franz M and Brunskog, Jonas and Riis, Nicolai AB and Fernandez-Grande, Efren},
  journal={The Journal of the Acoustical Society of America},
  volume={146},
  number={5},
  pages={3425--3435},
  year={2019},
  publisher={AIP Publishing}
}

@article{heuchel2020large,
  title={Large-scale outdoor sound field control},
  author={Heuchel, Franz M and Caviedes-Nozal, Diego and Brunskog, Jonas and Agerkvist, Finn T and Fernandez-Grande, Efren},
  journal={The Journal of the Acoustical Society of America},
  volume={148},
  number={4},
  pages={2392--2402},
  year={2020},
  publisher={AIP Publishing}
}

@book{williams1999fourier,
  title={Fourier acoustics: sound radiation and nearfield acoustical holography},
  author={Williams, Earl G},
  year={1999},
  publisher={Academic press}
}

@article{mignot2013room,
  title={Room reverberation reconstruction: Interpolation of the early part using compressed sensing},
  author={Mignot, R{\'e}mi and Daudet, Laurent and Ollivier, Fran{\c{c}}ois},
  journal={IEEE Transactions on Audio, Speech, and Language Processing},
  volume={21},
  number={11},
  pages={2301--2312},
  year={2013},
  publisher={IEEE}
}

@article{nolan2018wavenumber,
  title={A wavenumber approach to quantifying the isotropy of the sound field in reverberant spaces},
  author={Nolan, M{\'e}lanie and Fernandez-Grande, Efren and Brunskog, Jonas and Jeong, Cheol-Ho},
  journal={The Journal of the Acoustical Society of America},
  volume={143},
  number={4},
  pages={2514--2526},
  year={2018},
  publisher={AIP Publishing}
}

@article{verburg2018reconstruction,
  title={Reconstruction of the sound field in a room using compressive sensing},
  author={Verburg, Samuel A and Fernandez-Grande, Efren},
  journal={The Journal of the Acoustical Society of America},
  volume={143},
  number={6},
  pages={3770--3779},
  year={2018},
  publisher={Acoustical Society of America}
}

@article{betlehem2005theory,
  title={Theory and design of sound field reproduction in reverberant rooms},
  author={Betlehem, Terence and Abhayapala, Thushara D},
  journal={The Journal of the Acoustical Society of America},
  volume={117},
  number={4},
  pages={2100--2111},
  year={2005},
  publisher={Acoustical Society of America}
}

@article{zhu2020comparison,
  title={A comparison between two modal domain methods for personal audio reproduction},
  author={Zhu, Qiaoxi and Qiu, Xiaojun and Coleman, Philip and Burnett, Ian},
  journal={The Journal of the Acoustical Society of America},
  volume={147},
  number={1},
  pages={161--173},
  year={2020},
  publisher={AIP Publishing}
}

@article{koopmann1989method,
  title={A method for computing acoustic fields based on the principle of wave superposition},
  author={Koopmann, Gary H and Song, Limin and Fahnline, John B},
  journal={The Journal of the Acoustical Society of America},
  volume={86},
  number={6},
  pages={2433--2438},
  year={1989},
  publisher={Acoustical Society of America}
}

@article{sarkissian2005method,
  title={Method of superposition applied to patch near-field acoustic holography},
  author={Sarkissian, Angie},
  journal={The Journal of the Acoustical Society of America},
  volume={118},
  number={2},
  pages={671--678},
  year={2005},
  publisher={AIP Publishing}
}

@article{fernandez2016sound,
  title={Sound field reconstruction using a spherical microphone array},
  author={Fernandez-Grande, Efren},
  journal={The Journal of the Acoustical Society of America},
  volume={139},
  number={3},
  pages={1168--1178},
  year={2016},
  publisher={AIP Publishing}
}

@article{bi2017sound,
  title={Sound field reconstruction using compressed modal equivalent point source method},
  author={Bi, Chuan-Xing and Liu, Yuan and Xu, Liang and Zhang, Yong-Bin},
  journal={The Journal of the Acoustical Society of America},
  volume={141},
  number={1},
  pages={73--79},
  year={2017},
  publisher={AIP Publishing}
}

@article{ueno2017sound,
  title={Sound field recording using distributed microphones based on harmonic analysis of infinite order},
  author={Ueno, Natsuki and Koyama, Shoichi and Saruwatari, Hiroshi},
  journal={IEEE Signal Processing Letters},
  volume={25},
  number={1},
  pages={135--139},
  year={2017},
  publisher={IEEE}
}

@inproceedings{ueno2018kernel,
  title={Kernel ridge regression with constraint of Helmholtz equation for sound field interpolation},
  author={Ueno, Natsuki and Koyama, Shoichi and Saruwatari, Hiroshi},
  booktitle={2018 16th International Workshop on Acoustic Signal Enhancement (IWAENC)},
  pages={1--440},
  year={2018},
  organization={IEEE}
}

@article{merwade2006anisotropic,
  title={Anisotropic considerations while interpolating river channel bathymetry},
  author={Merwade, Venkatesh M and Maidment, David R and Goff, John A},
  journal={Journal of Hydrology},
  volume={331},
  number={3-4},
  pages={731--741},
  year={2006},
  publisher={Elsevier}
}


@article{james2005probability,
  title={A probability density function method for acoustic field uncertainty analysis},
  author={James, Kevin R and Dowling, David R},
  journal={The Journal of the Acoustical Society of America},
  volume={118},
  number={5},
  pages={2802--2810},
  year={2005},
  publisher={AIP Publishing}
}

@article{antoni2019mapping,
  title={Mapping uncertainties involved in sound source reconstruction with a cross-spectral-matrix-based Gibbs sampler},
  author={Antoni, J{\'e}r{\^o}me and Vanwynsberghe, Charles and Le Magueresse, Thibaut and Bouley, Simon and Gilquin, Laurent},
  journal={The Journal of the Acoustical Society of America},
  volume={146},
  number={6},
  pages={4947--4961},
  year={2019},
  publisher={AIP Publishing}
}

@article{xiang2020model,
  title={Model-based Bayesian analysis in acoustics—A tutorial},
  author={Xiang, Ning},
  journal={The Journal of the Acoustical Society of America},
  volume={148},
  number={2},
  pages={1101--1120},
  year={2020},
  publisher={AIP Publishing}
}

@article{chiles2018fifty,
  title={Fifty years of kriging},
  author={Chil{\`e}s, Jean-Paul and Desassis, Nicolas},
  journal={Handbook of mathematical geosciences: Fifty years of IAMG},
  pages={589--612},
  year={2018},
  publisher={Springer International Publishing}
}

@article{valentine2020gaussian1,
  title={Gaussian process models—I. A framework for probabilistic continuous inverse theory},
  author={Valentine, Andrew P and Sambridge, Malcolm},
  journal={Geophysical Journal International},
  volume={220},
  number={3},
  pages={1632--1647},
  year={2020},
  publisher={Oxford University Press}
}

@article{valentine2020gaussian2,
  title={Gaussian process models—II. Lessons for discrete inversion},
  author={Valentine, Andrew P and Sambridge, Malcolm},
  journal={Geophysical Journal International},
  volume={220},
  number={3},
  pages={1648--1656},
  year={2020},
  publisher={Oxford University Press}
}

@article{takeda2007kernel,
  title={Kernel regression for image processing and reconstruction},
  author={Takeda, Hiroyuki and Farsiu, Sina and Milanfar, Peyman},
  journal={IEEE Transactions on image processing},
  volume={16},
  number={2},
  pages={349--366},
  year={2007},
  publisher={IEEE}
}

@article{boloix2018complex,
  title={Complex Gaussian processes for regression},
  author={Boloix-Tortosa, Rafael and Murillo-Fuentes, Juan Jos{\'e} and Pay{\'a}n-Somet, Francisco Javier and P{\'e}rez-Cruz, Fernando},
  journal={IEEE transactions on neural networks and learning systems},
  volume={29},
  number={11},
  pages={5499--5511},
  year={2018},
  publisher={IEEE}
}

@article{liutkus2011gaussian,
  title={Gaussian processes for underdetermined source separation},
  author={Liutkus, Antoine and Badeau, Roland and Richard, G{\"a}el},
  journal={IEEE Transactions on Signal Processing},
  volume={59},
  number={7},
  pages={3155--3167},
  year={2011},
  publisher={IEEE}
}

@article{bianco2019machine,
  title={Machine learning in acoustics: Theory and applications},
  author={Bianco, Michael J and Gerstoft, Peter and Traer, James and Ozanich, Emma and Roch, Marie A and Gannot, Sharon and Deledalle, Charles-Alban},
  journal={The Journal of the Acoustical Society of America},
  volume={146},
  number={5},
  pages={3590--3628},
  year={2019},
  publisher={AIP Publishing}
}

@article{nolan2019experimental,
  title={Experimental characterization of the sound field in a reverberation room},
  author={Nolan, M{\'e}lanie and Verburg, Samuel A and Brunskog, Jonas and Fernandez-Grande, Efren},
  journal={The Journal of the Acoustical Society of America},
  volume={145},
  number={4},
  pages={2237--2246},
  year={2019},
  publisher={AIP Publishing}
}

@article{gemba2017multi,
  title={Multi-frequency sparse Bayesian learning for robust matched field processing},
  author={Gemba, Kay L and Nannuru, Santosh and Gerstoft, Peter and Hodgkiss, William S},
  journal={The Journal of the Acoustical Society of America},
  volume={141},
  number={5},
  pages={3411--3420},
  year={2017},
  publisher={AIP Publishing}
}

@article{xenaki2018sound,
  title={Sound source localization and speech enhancement with sparse Bayesian learning beamforming},
  author={Xenaki, Angeliki and B{\"u}nsow Boldt, Jesper and Gr{\ae}sb{\o}ll Christensen, Mads},
  journal={The Journal of the Acoustical Society of America},
  volume={143},
  number={6},
  pages={3912--3921},
  year={2018},
  publisher={Acoustical Society of America}
}

@article{gemba2019robust,
  title={Robust ocean acoustic localization with sparse Bayesian learning},
  author={Gemba, Kay L and Nannuru, Santosh and Gerstoft, Peter},
  journal={IEEE Journal of Selected Topics in Signal Processing},
  volume={13},
  number={1},
  pages={49--60},
  year={2019},
  publisher={IEEE}
}

@article{fernandez2017sparse,
  title={A sparse equivalent source method for near-field acoustic holography},
  author={Fernandez-Grande, Efren and Xenaki, Angeliki and Gerstoft, Peter},
  journal={The Journal of the Acoustical Society of America},
  volume={141},
  number={1},
  pages={532--542},
  year={2017},
  publisher={AIP Publishing}
}

@article{antoni2012bayesian,
  title={A Bayesian approach to sound source reconstruction: Optimal basis, regularization, and focusing},
  author={Antoni, J{\'e}r{\^o}me},
  journal={The Journal of the Acoustical Society of America},
  volume={131},
  number={4},
  pages={2873--2890},
  year={2012},
  publisher={AIP Publishing}
}

@article{rasmussen2006gaussian,
  title={Gaussian Processes for Machine Learning Cambridge},
  author={Rasmussen, C Edward and Williams, Christopher KI},
  journal={MA: the MIT Press.[Google Scholar]},
  year={2006}
}

@article{pereira2015empirical,
  title={Empirical Bayesian regularization of the inverse acoustic problem},
  author={Pereira, Antonio and Antoni, J{\'e}r{\^o}me and Leclere, Quentin},
  journal={Applied Acoustics},
  volume={97},
  pages={11--29},
  year={2015},
  publisher={Elsevier}
}

@article{jacobsen2013statistical,
  title={Statistical room acoustics},
  author={Jacobsen, F and Juhl, PM},
  journal={Fundamentals of General Linear Acoustics (John Wiley \& Sons, New York, 2013)},
  year={2013}
}

@book{abrahamsen1997review,
  title={A review of Gaussian random fields and correlation functions},
  author={Abrahamsen, Petter},
  year={1997},
  publisher={Norsk Regnesentral}
}

@book{bishop2006pattern,
  title={Pattern recognition and machine learning},
  author={Bishop, Christopher M and Nasrabadi, Nasser M},
  volume={4},
  number={4},
  year={2006},
  publisher={Springer}
}

@article{mackay1998introduction,
  title={Introduction to Gaussian processes},
  author={MacKay, David JC and others},
  journal={NATO ASI series F computer and systems sciences},
  volume={168},
  pages={133--166},
  year={1998},
  publisher={Citeseer}
}

@incollection{fasshauer2011green,
  title={Green’s functions: Taking another look at kernel approximation, radial basis functions, and splines},
  author={Fasshauer, Gregory E},
  booktitle={Approximation Theory XIII: San Antonio 2010},
  pages={37--63},
  year={2011},
  publisher={Springer}
}

@article{tipping2001sparse,
  title={Sparse Bayesian learning and the relevance vector machine},
  author={Tipping, Michael E},
  journal={Journal of machine learning research},
  volume={1},
  number={Jun},
  pages={211--244},
  year={2001}
}

@article{abramowitz1972handbook,
  title={Handbook of Mathematical Functions with Formulas, Graphs, and Mathematical Tables (Partially Mathcad-enabled)},
  author={Abramowitz, Milton and Stegun, Irene A},
  journal={US Department of Commerce, NIST, New York},
  year={1972}
}

@book{murphy2012machine,
  title={Machine learning: a probabilistic perspective},
  author={Murphy, Kevin P},
  year={2012},
  publisher={MIT press}
}

@article{piironen2017sparsity,
  title={Sparsity information and regularization in the horseshoe and other shrinkage priors},
  author={Piironen, Juho and Vehtari, Aki},
  year={2017}
}

@article{hoffman2014no,
  title={The No-U-Turn sampler: adaptively setting path lengths in Hamiltonian Monte Carlo.},
  author={Hoffman, Matthew D and Gelman, Andrew and others},
  journal={J. Mach. Learn. Res.},
  volume={15},
  number={1},
  pages={1593--1623},
  year={2014}
}

@book{wood2017generalized,
  title={Generalized additive models: an introduction with R},
  author={Wood, Simon N},
  year={2017},
  publisher={chapman and hall/CRC}
}

@book{hansen2010discrete,
  title={Discrete inverse problems: insight and algorithms},
  author={Hansen, Per Christian},
  year={2010},
  publisher={SIAM}
}

@article{2011Statistical,
  title={Statistical signal processing of complex-valued data},
  author={ Walden, Andrew },
  journal={Siam Review},
  number={3},
  pages={602-603},
  year={2011},
}

@unpublished{youngsModulus,
    title  = {Acoustic Gaussian Processes,},
    author = {D. Caviedes-Nozal},
    year   = {2021},
    note   = {https://github. com/d-caviedes/acoustic_gps },
}

@article{huang2006validation,
  title={Validation of statistical estimation of transmission loss in the presence of geoacoustic inversion uncertainty},
  author={Huang, Chen-Fen and Gerstoft, Peter and Hodgkiss, William S},
  journal={The journal of the acoustical society of America},
  volume={120},
  number={4},
  pages={1932--1941},
  year={2006},
  publisher={AIP Publishing}
}

@article{karakonstantis2023generative,
  title={Generative adversarial networks with physical sound field priors},
  author={Karakonstantis, Xenofon and Fernandez-Grande, Efren},
  journal={The Journal of the Acoustical Society of America},
  volume={154},
  number={2},
  pages={1226--1238},
  year={2023},
  publisher={AIP Publishing}
}

@article{mei2023approach,
  title={Approach to active control of scattered sound field from underwater targets},
  author={Mei, Manjie and Zhang, Lihong and An, Buchao and Li, Jianlong},
  journal={The Journal of the Acoustical Society of America},
  volume={154},
  number={5},
  pages={2727--2745},
  year={2023},
  publisher={AIP Publishing}
}

@misc{李建龙2019一种基于波束偏转的声场定向调控方法,
  title={一种基于波束偏转的声场定向调控方法},
  author={李建龙 and 张贤 and 李鋆 and 何元安 and 闫孝伟 and 向平},
  year={2019},
}

@phdthesis{汪钦2023基于近场测量的远场散射声场稀疏重构方法研究,
  title={基于近场测量的远场散射声场稀疏重构方法研究},
  author={汪钦},
  school={浙江大学},
  year={2023},
}

@article{donoho2006compressed,
  author={Donoho, D.L.},
  journal={IEEE Transactions on Information Theory}, 
  title={Compressed sensing}, 
  year={2006},
  volume={52},
  number={4},
  pages={1289-1306},
  keywords={Compressed sensing;Image reconstruction;Pixel;Vectors;Digital images;Image coding;Transform coding;Size measurement;Signal processing;Data mining;Adaptive sampling;almost-spherical sections of Banach spaces;Basis Pursuit;eigenvalues of random matrices;Gel'fand;information-based complexity;integrated sensing and processing;minimum;optimal recovery;Quotient-of-a-Subspace theorem;sparse solution of linear equations}
}

@article{chardon2012near,
  title={Near-field acoustic holography using sparse regularization and compressive sampling principles},
  author={Chardon, Gilles and Daudet, Laurent and Peillot, Antoine and Ollivier, Fran{\c{c}}ois and Bertin, Nancy and Gribonval, R{\'e}mi},
  journal={The Journal of the Acoustical Society of America},
  volume={132},
  number={3},
  pages={1521--1534},
  year={2012},
  publisher={AIP Publishing}
}

@article{fernandez2016compressive,
    author = {Fernandez-Grande, Efren and Xenaki, Angeliki},
    title = {Compressive sensing with a spherical microphone array},
    journal = {The Journal of the Acoustical Society of America},
    volume = {139},
    number = {2},
    pages = {EL45-EL49},
    year = {2016},
    month = {02},
    abstract = {A wave expansion method is proposed in this work, based on measurements with a spherical microphone array, and formulated in the framework provided by Compressive Sensing. The method promotes sparse solutions via ℓ1-norm minimization, so that the measured data are represented by few basis functions. This results in fine spatial resolution and accuracy. This publication covers the theoretical background of the method, including experimental results that illustrate some of the fundamental differences with the “conventional” least-squares approach. The proposed methodology is relevant for source localization, sound field reconstruction, and sound field analysis.},
    issn = {0001-4966},
}

@article{koyama2018sparse,
  title={Sparse sound field decomposition for super-resolution in recording and reproduction},
  author={Koyama, Shoichi and Murata, Naoki and Saruwatari, Hiroshi},
  journal={The Journal of the Acoustical Society of America},
  volume={143},
  number={6},
  pages={3780--3795},
  year={2018},
  publisher={AIP Publishing}
}

@article{song1991active,
  title={Active control of the acoustic radiation of a vibrating structure using a superposition formulation},
  author={Song, Limin and Koopmann, Gary H and Fahnline, John B},
  journal={The Journal of the Acoustical Society of America},
  volume={89},
  number={6},
  pages={2786--2792},
  year={1991},
  publisher={Acoustical Society of America}
}

